<collection xmlns="http://www.loc.gov/MARC21/slim">
<record>
  <leader>01746nam0a22003251i 450 </leader>
  <controlfield tag="001">IT\ICCU\CNCE\065824</controlfield>
  <controlfield tag="005">20060831000000.0</controlfield>
  <datafield tag="012" ind1=" " ind2=" ">
    <subfield code="a">r*s, I.D. q,te PhHi (C) 1547 (R)</subfield>
    <subfield code="2">fei</subfield>
  </datafield>
  <datafield tag="100" ind1=" " ind2=" ">
    <subfield code="a">20060728d1547        0itac0103    ba</subfield>
  </datafield>
  <datafield tag="101" ind1=" " ind2=" ">
    <subfield code="a">LAT</subfield>
  </datafield>
  <datafield tag="102" ind1=" " ind2=" ">
    <subfield code="a">IT</subfield>
  </datafield>
  <datafield tag="200" ind1="1" ind2=" ">
    <subfield code="a">℗Glottochrysii Petri Fidentii Iunctaei Montagnanensis, ℗ad m. Antonium Genuam philosophum Patauinum undequaque doctissimum carmen panegyricum</subfield>
  </datafield>
  <datafield tag="210" ind1=" " ind2=" ">
    <subfield code="a">Venetiis</subfield>
    <subfield code="c">\Giovanni Griffio il vecchio!</subfield>
    <subfield code="d">1547</subfield>
  </datafield>
  <datafield tag="215" ind1=" " ind2=" ">
    <subfield code="a">\36! c.</subfield>
    <subfield code="d">8o</subfield>
  </datafield>
  <datafield tag="300" ind1=" " ind2=" ">
    <subfield code="a">Attribuito anche a Camillo Scroffa, cfr. Melzi, v. 1, p. 405-406. -  Marca (Z710) sul front. -  Cors. ; rom. -  Iniziale xil. -  Segn.: A-I4. -  Bianca l&apos;ultima c. - IT\ICCU\BVEM\001094</subfield>
  </datafield>
  <datafield tag="620" ind1=" " ind2=" ">
    <subfield code="a">IT</subfield>
    <subfield code="d">Venezia</subfield>
  </datafield>
  <datafield tag="700" ind1=" " ind2="1">
    <subfield code="a">Giunteo,</subfield>
    <subfield code="b">Pietro Fidenzio</subfield>
    <subfield code="3">IT\ICCU\CNCA\006153</subfield>
  </datafield>
  <datafield tag="701" ind1=" " ind2="1">
    <subfield code="a">Scroffa,</subfield>
    <subfield code="b">Camillo</subfield>
    <subfield code="3">IT\ICCU\CNCA\008428</subfield>
  </datafield>
  <datafield tag="712" ind1="0" ind2="0">
    <subfield code="a">Griffio, Giovanni</subfield>
    <subfield code="c"> &lt;1.&gt;</subfield>
    <subfield code="3">IT\ICCU\CNCT\002057</subfield>
    <subfield code="4">650</subfield>
  </datafield>
  <datafield tag="790" ind1=" " ind2="1">
    <subfield code="a">Glottochrysius,</subfield>
    <subfield code="b">Petrus Fidentius Iunctaeus</subfield>
    <subfield code="3">IT\ICCU\CNCA\006155</subfield>
    <subfield code="z">Giunteo, Pietro Fidenzio</subfield>
  </datafield>
  <datafield tag="790" ind1=" " ind2="1">
    <subfield code="a">Iunctaeus,</subfield>
    <subfield code="b">Petrus Fidentius</subfield>
    <subfield code="3">IT\ICCU\CNCA\020238</subfield>
    <subfield code="z">Giunteo, Pietro Fidenzio</subfield>
  </datafield>
  <datafield tag="790" ind1=" " ind2="0">
    <subfield code="a">Fidentio Glotto Crysio</subfield>
    <subfield code="3">IT\ICCU\CNCA\010287</subfield>
    <subfield code="z">Scroffa, Camillo</subfield>
  </datafield>
  <datafield tag="790" ind1=" " ind2="1">
    <subfield code="a">Glottogrysio,</subfield>
    <subfield code="b">Fidentio</subfield>
    <subfield code="3">IT\ICCU\CNCA\024429</subfield>
    <subfield code="z">Scroffa, Camillo</subfield>
  </datafield>
  <datafield tag="790" ind1=" " ind2="0">
    <subfield code="a">Fidentio</subfield>
    <subfield code="3">IT\ICCU\CNCA\024430</subfield>
    <subfield code="z">Scroffa, Camillo</subfield>
  </datafield>
  <datafield tag="790" ind1=" " ind2="0">
    <subfield code="a">Pedante Appassionato</subfield>
    <subfield code="3">IT\ICCU\CNCA\029295</subfield>
    <subfield code="z">Scroffa, Camillo</subfield>
  </datafield>
  <datafield tag="791" ind1="0" ind2="0">
    <subfield code="a">Gryphius, Ioannes</subfield>
    <subfield code="c"> &lt;1.&gt;</subfield>
    <subfield code="3">IT\ICCU\CNCT\003549</subfield>
    <subfield code="z">Griffio, Giovanni &lt;1.&gt;</subfield>
  </datafield>
  <datafield tag="791" ind1="0" ind2="0">
    <subfield code="a">Grifio, Giovanni</subfield>
    <subfield code="3">IT\ICCU\CNCT\005052</subfield>
    <subfield code="z">Griffio, Giovanni &lt;1.&gt;</subfield>
  </datafield>
  <datafield tag="791" ind1="0" ind2="0">
    <subfield code="a">Grifi, Giovanni</subfield>
    <subfield code="c"> &lt;1&gt;</subfield>
    <subfield code="3">IT\ICCU\CNCT\005187</subfield>
    <subfield code="z">Griffio, Giovanni &lt;1.&gt;</subfield>
  </datafield>
  <datafield tag="801" ind1=" " ind2="3">
    <subfield code="a">IT</subfield>
    <subfield code="b">ICCU</subfield>
    <subfield code="c">20201115</subfield>
  </datafield>
  <datafield tag="899" ind1=" " ind2=" ">
    <subfield code="a">Biblioteca civica Bertoliana. Vicenza</subfield>
    <subfield code="1">VI0096</subfield>
    <subfield code="2">VIA BE</subfield>
  </datafield>
</record>
</collection>
